@online{private-public,
    author =       {Vitalik Buterin},
    title =        {On Public and Private Blockchains},
    year =         2015,
    url =          {https://blog.ethereum.org/2015/08/07/on-public-and-private-blockchains/},
}

@online{blockchain-state,
    author =       {Chibuzor Udokwu and Aleksandr Kormiltsyn and Kondwani Thangalimodzi and Alex Norta},
    title =        {The State of the Art for Blockchain-EnabledSmart-Contract Applications in the Organization},
    year =         2018,
    url =          {https://blog.ethereum.org/2015/08/07/on-public-and-private-blockchains/},
    school =       {Department of Software Science Tallinn University of Technology, Tallinn, Estonia},
}

@online{interoperability1,
    author =       {Shiraz Jagati},
    title =        {Blockchain Interoperability: The Holy Grail for Cross-Chain Deployment},
    year =         2020,
    url =          {https://cointelegraph.com/news/blockchain-interoperability-the-holy-grail-for-cross-chain-deployment},
}

@online{crosschain-level,
    author=     {H. {Jin} and X. {Dai} and J. {Xiao}},
    booktitle=  {2018 IEEE 38th International Conference on Distributed Computing Systems (ICDCS)}, 
    title=      {Towards a Novel Architecture for Enabling Interoperability amongst Multiple Blockchains}, 
    year=       {2018},
    volume=     {},
    number=     {},
    school =    {School of Computer Science and Technology, Huazhong University of Science and Technology, Wuhan, China},
}

@online{ark,
    title =        {Ark.io},
    url =          {https://ark.io/},
}

@online{sidechain,
    title =        {Sidechain},
    url =          {https://en.bitcoin.it/wiki/Sidechain},
}

@article{atomic-crosschain,
  title={Atomic Crosschain Transactions for Ethereum Private Sidechains},
  author={Peter Robinson and David Hyland-Wood and Roberto Saltini and Sandra Johnson and John Brainard},
  journal={ArXiv},
  year={2019},
  volume={abs/1904.12079}
}

@article{iot-crosschain,  
    author={Y. {Jiang} and C. {Wang} and Y. {Huang} and S. {Long} and Y. {Huo}},  
    booktitle={2018 IEEE International Conference on Internet of Things (iThings) and IEEE Green Computing and Communications (GreenCom) and IEEE Cyber, Physical and Social Computing (CPSCom) and IEEE Smart Data (SmartData)},   
    title={A Cross-Chain Solution to Integration of IoT Tangle for Data Access Management},   
    year={2018}
}

@online{atomic-swap,
    title =        {Atomic swap},
    url =          {https://en.bitcoin.it/wiki/Atomic_swap},
}

@online{HTLC ,
    title =        {Hash Time Locked Contracts},
    url =          {https://en.bitcoin.it/w/index.php?title=Hash_Time_Locked_Contracts&source=post_page},
}

@online{lightning ,
    title =        {Lightning Network},
    url =          {https://lightning.network/},
}

@online{relay ,
    title =        {BTC Relay},
    url =          {http://btcrelay.org/},
}

@online{cosmos ,
    title =        {Cosmos},
    url =          {https://cosmos.network/},
}

@online{eth2 ,
    title =        {Github repository of ETH2.0},
    url =          {https://github.com/ethereum/eth2.0-specs},
}

@online{evm-chaincode ,
    title =        {Github repository of EVM chaincode for Hyperledger Fabric},
    url =          {https://github.com/hyperledger/fabric-chaincode-evm},
}

@online{provenance ,
    title =        {Provenance whitepaper Blockchain: the solution for transparency in product supply chains},
    year =         2015,
    url =          {https://www.provenance.org/whitepaper},
}

@online{ptwist ,
    title =        {PlasticTwist European Project},
    url =          {https://ptwist.eu/},
}

@online{plastic-coin,
    author =        {Mirko Koscina and Mariusz Lombard-Platet and Pierre Cluchet},
    title =        {PlasticCoin: an ERC20 Implementation on Hyperledger Fabric for Circular Economy and Plastic Reuse},
    year =         2019,
    url =          {https://www.researchgate.net/publication/336626518_PlasticCoin_an_ERC20_Implementation_on_Hyperledger_Fabric_for_Circular_Economy_and_Plastic_Reuse},
}

@online{eco-coin,
    author =       {Next Nature Network},
    title =        {The ECO coin: a cryptocurrency backed by sustainable assets},
    url =          {https://uploads-ssl.webflow.com/5c1b58255c613376879c2558/5c4970105b4d237571564f43_ECOcoin_white_paper_v1.0.pdf},
}

@online{remix,
    title =        {Remix, online editor and compiler},
    url =          {http://remix.ethereum.org/},
}

@online{merkle,
    title =        {Merkle Tree},
    url =          {https://en.wikipedia.org/wiki/Merkle_tree},
}

@online{fabric-sample,
    title =        {Hyperledger Fabric samples},
    url =          {https://github.com/hyperledger/fabric-samples},
}

@online{merkle ,
    title =        {Merkle Tree},
    url =          {https://en.wikipedia.org/wiki/Merkle_tree},
}

@online{fabric-doc ,
    title =        {Hyperledger Fabric official documentation},
    url =          {https://hyperledger-fabric.readthedocs.io/en/master/},
}

@online{aws,
    title =        {Amazon Managed Blockchain},
    url =          {https://aws.amazon.com/it/managed-blockchain/},
}

@online{gastracker,
    title =        {Etherscan Gas Tracker},
    url =          {https://etherscan.io/gastracker},
}

@online{ethgasstation,
    title =        {EthGasStation: website to track ether and gas prices},
    url =          {https://ethgasstation.info/},
}